
@article{Hstad1995,
  title = {Top-down lower bounds for depth-three circuits},
  volume = {5},
  ISSN = {1420-8954},
  url = {http://dx.doi.org/10.1007/BF01268140},
  DOI = {10.1007/bf01268140},
  number = {2},
  journal = {Computational Complexity},
  publisher = {Springer Science and Business Media LLC},
  author = {H�stad,  J. and Jukna,  S. and Pudl�k,  P.},
  year = {1995},
  month = jun,
  pages = {99–112}
}
